% RLC main.bib Version 2024.1

@book{sutton1998introduction,
    title={Reinforcement Learning: {A}n Introduction},
    author={Sutton, Richard S. and Barto, Andrew G.},
	publisher={The MIT Press},
	year={1998},
	address={Cambridge, MA},
}